<record><leader>00000cas a22000007a 4500</leader><controlfield tag="001">18268725</controlfield><controlfield tag="008">880726d18771877ohuwr ne      0    0eng d</controlfield><controlfield tag="009">8043</controlfield><datafield ind1=" " ind2=" " tag="010"><subfield code="a">sn 88078699 </subfield></datafield><datafield ind1=" " ind2=" " tag="040"><subfield code="a">ONP</subfield><subfield code="b">eng</subfield><subfield code="c">ONP</subfield><subfield code="d">OCLCQ</subfield></datafield><datafield ind1="1" ind2=" " tag="029"><subfield code="a">AU@</subfield><subfield code="b">000020518472</subfield></datafield><datafield ind1=" " ind2=" " tag="042"><subfield code="a">msc</subfield></datafield><datafield ind1="0" ind2="0" tag="245"><subfield code="a">Cuyahoga Republican and advertiser.</subfield></datafield><datafield ind1=" " ind2=" " tag="260"><subfield code="a">Berea, Ohio :</subfield><subfield code="b">Republican Print. Co.,</subfield><subfield code="c">1877-</subfield></datafield><datafield ind1=" " ind2=" " tag="300"><subfield code="a">v.</subfield></datafield><datafield ind1=" " ind2=" " tag="310"><subfield code="a">Weekly</subfield></datafield><datafield ind1="0" ind2=" " tag="362"><subfield code="a">Vol. 2, no. 15 (Sept. 6, 1877)-</subfield></datafield><datafield ind1="1" ind2=" " tag="362"><subfield code="a">Ceased with Dec. 13, 1877 issue.</subfield></datafield><datafield ind1=" " ind2="4" tag="651"><subfield code="a">Berea (Ohio)</subfield><subfield code="v">Newspapers.</subfield></datafield><datafield ind1=" " ind2="4" tag="651"><subfield code="a">Cuyahoga County (Ohio)</subfield><subfield code="v">Newspapers.</subfield></datafield><datafield ind1=" " ind2=" " tag="752"><subfield code="a">United States</subfield><subfield code="b">Ohio</subfield><subfield code="c">Cuyahoga</subfield><subfield code="d">Berea.</subfield></datafield><datafield ind1="0" ind2="4" tag="780"><subfield code="t">Cuyahoga Republican</subfield><subfield code="w">(DLC)sn 90068898</subfield></datafield><datafield ind1="0" ind2="4" tag="780"><subfield code="t">Grindstone City advertiser (Berea, Ohio : 1868)</subfield><subfield code="w">(DLC)sn 85034413</subfield></datafield><datafield ind1="0" ind2="0" tag="785"><subfield code="t">Republican and advertiser (Berea, Ohio)</subfield><subfield code="w">(DLC)sn 88078698</subfield></datafield></record>